@comment{x-kbibtex-personnameformatting=<%l><, %f>}

@book{UNIX,
	address = "194354, Санкт-Петербург, ул. Есенина, 5Б",
	author = "Федорчук, Алексей",
	editor = "Кондукова, Екатерина and Рыбаков, Евгений and Добин, Григорий and Кашлакова, Елена and others",
	isbn = "5-94157-876-8",
	month = mar,
	publisher = "БВХ-Петербург",
	series = "{В подлиннике}",
	title = "{Доступный UNIX: Linux, FreeBSD, DragonFlyBSD, NetBSD, OpenBSD}",
	year = "2006"
}

@misc{Wikipedia-ru,
	title = "{Русскоязычная википедия}",
	usr = "http://ru.wikipedia.org/wiki"
}

@misc{Wikipedia-en,
	title = "Англоязычная википедия",
	url = "http://en.wikipedia.org"
}

